@inproceedings {2022-NSDI-RobotArms,
    author = {S{\'a}ndor Laki and Csaba Gy{\"o}rgyi and J{\'o}zsef Pet{\H o} and P{\'e}ter V{\"o}r{\"o}s and G{\'e}za Szab{\'o}},
    title = {{In-Network} Velocity Control of Industrial Robot Arms},
    booktitle = {19th USENIX Symposium on Networked Systems Design and Implementation (NSDI 22)},
    year = {2022},
    pages = {995--1009},
    month = apr,
}

@inproceedings{2021-SPIN-HalfSipHash,
  title={Secure keyed hashing on programmable switches},
  author={Yoo, Sophia and Chen, Xiaoqi},
  booktitle={ACM SIGCOMM SPIN 2021},
  year={2021}
}

@inproceedings{2022-EuroP4-ChaCha,
  title={On implementing ChaCha on a programmable switch},
  author={Yoshinaka, Yutaro and Takemasa, Junji and Koizumi, Yuki and Hasegawa, Toru},
  booktitle={EuroP4 2022},
  year={2022}
}

@inproceedings{2020-SPIN-P4AES,
  title={Implementing AES encryption on programmable switches via scrambled lookup tables},
  author={Chen, Xiaoqi},
  booktitle={ACM SIGCOMM SPIN 2020},
  year={2020}
}

@article{2022-NIST-Analysis,
  title={Analysis of Practical Application of Lightweight Cryptographic Algorithm ASCON},
  author={Avery, Jeffrey and Fraelich, Bryson and Duran, William and  Lee, Andrew and Agustin, Sullivan and Mechalke, Zane and Maj Bobby, Birrer and Dick, Sameul and Cochran, Jordon},
  year={2022}
}

@article{dobraunig2014ascon,
  title={Ascon},
  author={Dobraunig, Christoph and Eichlseder, Maria and Mendel, Florian and Schl{\"a}ffer, Martin},
  journal={Submission to the CAESAR competition: http://ascon. iaik. tugraz. at},
  year={2014}
}

@article{dobraunig2016ascon,
  title={Ascon v1. 2},
  author={Dobraunig, Christoph and Eichlseder, Maria and Mendel, Florian and Schl{\"a}ffer, Martin},
  journal={Submission to the CAESAR Competition},
  volume={5},
  number={6},
  pages={7},
  year={2016}
}

@article{dobraunig2019submission,
  title={Submission to NIST},
  author={Dobraunig, Christoph and Eichlseder, Maria and Mangard, Stefan and Mendel, Florian and Mennink, Bart and Primas, Robert and Unterluggauer, Thomas},
  journal={Submission to the NIST LWC Competition},
  year={2019}
}

@article{dobraunig2020status,
  title={Status Update on Ascon v1. 2},
  author={Dobraunig, Christoph and Eichlseder, Maria and Mendel, Florian and Schl{\"a}er, Martin},
  year={2020}
}

@misc{nist-ascon,
    title={Lightweight Cryptography Standardization Process: NIST Selects Ascon},
    author={NIST},
    year={2022},
    howpublished={\url{https://csrc.nist.gov/News/2023/lightweight-cryptography-nist-selects-ascon} [Accessed: May 2023]}
}

@article{2023-ComputerNetworks-DySO,
title = {DySO: Enhancing application offload efficiency on programmable switches},
journal = {Computer Networks},
volume = {224},
pages = {109607},
year = {2023},
issn = {1389-1286},
author = {Cha Hwan Song and Xin Zhe Khooi and Dinil Mon Divakaran and Mun Choon Chan},
}

@INPROCEEDINGS{2020-NetSoft-DIDA,
  author={Khooi, Xin Zhe and Csikor, Levente and Divakaran, Dinil Mon and Kang, Min Suk},
  booktitle={IEEE NetSoft 2020}, 
  title={DIDA: Distributed In-Network Defense Architecture Against Amplified Reflection DDoS Attacks}, 
  year={2020},
}

@inproceedings{jin2017netcache,
  title={Netcache: Balancing key-value stores with fast in-network caching},
  author={Jin, Xin and Li, Xiaozhou and Zhang, Haoyu and Soul{\'e}, Robert and Lee, Jeongkeun and Foster, Nate and Kim, Changhoon and Stoica, Ion},
  booktitle={ACM SOSP 2017},
  year={2017}
}

@inproceedings{yu2020netlock,
  title={Netlock: Fast, centralized lock management using programmable switches},
  author={Yu, Zhuolong and Zhang, Yiwen and Braverman, Vladimir and Chowdhury, Mosharaf and Jin, Xin},
  booktitle={Proceedings of the Annual conference of the ACM Special Interest Group on Data Communication on the applications, technologies, architectures, and protocols for computer communication},
  year={2020}
}

@inproceedings{bose2022accelupf,
  title={AccelUPF: accelerating the 5G user plane using programmable hardware},
  author={Bose, Abhik and Kirtikar, Shailendra and Chirumamilla, Shivaji and Shah, Rinku and Vutukuru, Mythili},
  booktitle={ACM SOSR 2022},
  year={2022}
}

@inproceedings{budhdev2021fsa,
  title={FSA: fronthaul slicing architecture for 5G using dataplane programmable switches},
  author={Budhdev, Nishant and Joshi, Raj and Kannan, Pravein Govindan and Chan, Mun Choon and Mitra, Tulika},
  booktitle={ACM MOBICOM 2021},
  year={2021}
}

@inproceedings{katta2016hula,
  title={Hula: Scalable load balancing using programmable data planes},
  author={Katta, Naga and Hira, Mukesh and Kim, Changhoon and Sivaraman, Anirudh and Rexford, Jennifer},
  booktitle={ACM SOSR 2016},
  year={2016}
}

@inproceedings{miao2017silkroad,
  title={Silkroad: Making stateful layer-4 load balancing fast and cheap using switching asics},
  author={Miao, Rui and Zeng, Hongyi and Kim, Changhoon and Lee, Jeongkeun and Yu, Minlan},
  booktitle={ACM SIGCOMM 2017},
  year={2017}
}

@inproceedings{choi2023hydra,
  title={Hydra:$\{$Serialization-Free$\}$ Network Ordering for Strongly Consistent Distributed Applications},
  author={Choi, Inho and Michael, Ellis and Li, Yunfan and Ports, Dan RK and Li, Jialin},
  booktitle={20th USENIX Symposium on Networked Systems Design and Implementation (NSDI 23)},
  pages={293--320},
  year={2023}
}

@inproceedings{li2020pegasus,
  title={Pegasus: Tolerating skewed workloads in distributed storage with in-network coherence directories},
  author={Li, Jialin and Nelson, Jacob and Michael, Ellis and Jin, Xin and Ports, Dan RK},
  booktitle={Proceedings of the 14th USENIX Conference on Operating Systems Design and Implementation},
  pages={387--406},
  year={2020}
}

@inproceedings{hsu2020contra,
  title={Contra: A programmable system for performance-aware routing},
  author={Hsu, Kuo-Feng and Beckett, Ryan and Chen, Ang and Rexford, Jennifer and Walker, David},
  booktitle={USENIX NSDI 2020},
  year={2020}
}

@inproceedings{zeng2022tiara,
  title={Tiara: A scalable and efficient hardware acceleration architecture for stateful layer-4 load balancing},
  author={Zeng, Chaoliang and Luo, Layong and Zhang, Teng and Wang, Zilong and Li, Luyang and Han, Wenchen and Chen, Nan and Wan, Lebing and Liu, Lichao and Ding, Zhipeng and others},
  booktitle={USENIX NSDI 2022},
  year={2022},
}

@inproceedings{rogaway2002authenticated,
  title={Authenticated-encryption with associated-data},
  author={Rogaway, Phillip},
  booktitle={ACM CCS 2002},
  year={2002}
}

@article{GCM_NIST,
 author= {Morris Dworkin(NIST)},
 title={Recommendation for Block Cipher Modes of Operation: Galois/Counter Mode (GCM) and GMAC},
 year={2007}, 
 howpublished={\url{https://csrc.nist.gov/publications/detail/sp/800-38d/final}}
 }

@misc{rfc8439,
    series =    {Request for Comments},
    number =    8439,
    howpublished =  {RFC 8439},
    publisher = {RFC Editor},
    author =    {Yoav Nir and Adam Langley},
    title =     {{ChaCha20 and Poly1305 for IETF Protocols}},
    pagetotal = 46,
    year =      2018,
    month =     jun
}

@misc{ascon-github,
    title={Ascon - Lightweight Authenticated Encryption \& Hashing},
    howpublished={\url{https://github.com/ascon/ascon-c} [Commit: ba61330]},
    year = 2023,
}

@article{ae-bad,
author = {Bellare, M. and Rogaway, Phillip and Wagner, D.},
year = {2003},
month = {05},
pages = {},
title = {A Conventional Authenticated-Encryption Mode}
}

@inproceedings{pan2021sailfish,
  title={Sailfish: Accelerating cloud-scale multi-tenant multi-service gateways with programmable switches},
  author={Pan, Tian and Yu, Nianbing and Jia, Chenhao and Pi, Jianwen and Xu, Liang and Qiao, Yisong and Li, Zhiguo and Liu, Kun and Lu, Jie and Lu, Jianyuan and others},
  booktitle={ACM SIGCOMM 2021},
  year={2021}
}

@inproceedings{macdavid2021p4,
  title={A p4-based 5g user plane function},
  author={MacDavid, Robert and Cascone, Carmelo and Lin, Pingping and Padmanabhan, Badhrinath and Thakur, Ajay and Peterson, Larry and Rexford, Jennifer and Sunay, Oguz},
  booktitle={ACM SOSR 2021},
  year={2021}
}

@inproceedings{benton2013openflow,
  title={OpenFlow vulnerability assessment},
  author={Benton, Kevin and Camp, L Jean and Small, Chris},
  booktitle={ACM SIGCOMM HotSDN 2013},
  year={2013}
}

@article{abdou2018comparative,
  title={Comparative analysis of control plane security of SDN and conventional networks},
  author={Abdou, AbdelRahman and van Oorschot, Paul C and Wan, Tao},
  journal={IEEE Communications Surveys \& Tutorials},
  volume={20},
  number={4},
  year={2018},
  publisher={IEEE}
}

@misc{intel-tofino-1,
    title={Intel Tofino},
    author={Intel Corporation},
    howpublished = {\url{https://www.intel.com/content/www/us/en/products/network-io/programmable-ethernet-switch/tofino-series.html} [Accessed: Mar. 2023]},
    year = {2023},
}

@misc{intel-tofino-2,
    title={Intel Tofino 2},
    author={Intel Corporation},
    howpublished = {\url{https://www.intel.com/content/www/us/en/products/network-io/programmable-ethernet-switch/tofino-2-series.html} [Accessed: Mar. 2023]},
    year = {2023},
}

@misc{hotchips30-tf,
    title = {Programmable Forwarding Planes at Terabit/s Speeds},
    author = {Pat Bosshart},
    year = {2018},
    howpublished = {\url{https://old.hotchips.org/hc30/2conf/2.02_Barefoot_Barefoot_Talk_at_HotChips_2018.pdf} [Accessed: Mar. 2023]},
}

@misc{hotchips32-tf2,
    title = {Intel Tofino2 – A 12.9 Tbps P4-Programmable Ethernet Switch},
    author = {Anurag, Agrawal and Changhoon, Kim},
    year = {2020},
    howpublished = {\url{https://hc32.hotchips.org/assets/program/conference/day2/HotChips2020_Networking_Tofino.pdf} [Accessed: Mar. 2023]},
}

@misc{intel-tofino1-specs,
    title = {Intel® Tofino 6.4 Tbps, 4 pipelines},
    author={Intel},
    howpublished = {\url{https://www.intel.sg/content/www/xa/en/products/sku/218643/intel-tofino-6-4-tbps-4-pipelines/specifications.html} [Accessed: May 2023]},
    year = {2023},
}

@misc{intel-tofino2-specs,
    title = {Intel® Tofino 2 12.8 Tbps, 20 stage, 4 pipelines},
    howpublished = {\url{https://www.intel.sg/content/www/xa/en/products/sku/218648/intel-tofino-2-12-8-tbps-20-stage-4-pipelines/specifications.html} [Accessed: May 2023]},
    year = {2023},
}

@misc{dyso-p4,
    title = {DySO P4},
    howpublished = 
    {\url{https://github.com/dyso-project/dyso_p4} [Commit: 4a594eb]},
    year = {2023},
}


@inproceedings{swamy2022taurus,
  title={Taurus: a data plane architecture for per-packet ML},
  author={Swamy, Tushar and Rucker, Alexander and Shahbaz, Muhammad and Gaur, Ishan and Olukotun, Kunle},
  booktitle={ACM ASPLOS 2022},
  year={2022}
}

@misc{p4ead_repo,
    title= {{P4EAD GitHub repository}},
    Howpublished= {\url{https://github.com/NUS-CIR/tofino-ascon}},
    year={2023},
}

@manual{p4runtime,
    author={{The P4.org API Working Group}},
    title={P4Runtime Specification version 1.3},
    howpublished={\url{https://p4.org/p4-spec/p4runtime/main/P4Runtime-Spec.html}}
}

@misc{rfc9325,
    series =    {Request for Comments},
    number =    9325,
    howpublished =  {RFC 9325},
    publisher = {RFC Editor},
        author =    {Yaron Sheffer and Peter Saint-Andre and Thomas Fossati},
    title =     {{Recommendations for Secure Use of Transport Layer Security (TLS) and Datagram Transport Layer Security (DTLS)}},
    pagetotal = 34,
    year =      2022,
    month =     nov,
}

@article{dobraunig2021ascon,
  title={Ascon v1. 2: Lightweight authenticated encryption and hashing},
  author={Dobraunig, Christoph and Eichlseder, Maria and Mendel, Florian and Schl{\"a}ffer, Martin},
  journal={Journal of Cryptology},
  volume={34},
  year={2021},
  publisher={Springer}
}

@article{bosshart2013forwarding,
  title={Forwarding metamorphosis: Fast programmable match-action processing in hardware for SDN},
  author={Bosshart, Pat and Gibb, Glen and Kim, Hun-Seok and Varghese, George and McKeown, Nick and Izzard, Martin and Mujica, Fernando and Horowitz, Mark},
  journal={ACM SIGCOMM CCR},
  volume={43},
  number={4},
  year={2013},
}

@inproceedings{yu2020mantis,
  title={Mantis: Reactive programmable switches},
  author={Yu, Liangcheng and Sonchack, John and Liu, Vincent},
  booktitle={ACM SIGCOMM 2020},
  year={2020}
}

@inproceedings{2015-SOSR-ControlPlaneLatency,
author = {He, Keqiang and Khalid, Junaid and Gember-Jacobson, Aaron and Das, Sourav and Prakash, Chaithan and Akella, Aditya and Li, Li Erran and Thottan, Marina},
title = {Measuring Control Plane Latency in SDN-Enabled Switches},
year = {2015},
booktitle = {ACM SOSR 2015},
}

@inproceedings{2017-SOSR-TightControlLatency,
author = {Chen, Huan and Benson, Theophilus},
title = {The Case for Making Tight Control Plane Latency Guarantees in SDN Switches},
year = {2017},
booktitle = {ACM SOSR 2017},
}

@article{2023-CCR-AccelerateSlowPath,
author = {Zulfiqar, Annus and Pfaff, Ben and Tu, William and Antichi, Gianni and Shahbaz, Muhammad},
title = {The Slow Path Needs an Accelerator Too!},
year = {2023},
journal = {ACM SIGCOMM CCR},
month = {April},
}

@INPROCEEDINGS{2021-NETSOFT-DSKETCH,
  author={Khooi, Xin Zhe and Csikor, Levente and Li, Jialin and Kang, Min Suk and Divakaran, Dinil Mon},
  booktitle={IEEE NetSoft 2021}, 
  title={Revisiting Heavy-Hitter Detection on Commodity Programmable Switches}, 
  year={2021},
  volume={},
  number={},
}


@INPROCEEDINGS{2021-TAPOPF-PIPELINES,
  author={Khooi, Xin Zhe and Csikor, Levente and Li, Jialin and Divakaran, Dinil Mon},
  booktitle={IEEE NetSoft 2021}, 
  title={In-Network Applications: Beyond Single Switch Pipelines}, 
  year={2021},
}

@inproceedings{2020-SOSR-EventTriggered,
author = {Ku\v{c}era, Jan and Popescu, Diana Andreea and Wang, Han and Moore, Andrew and Ko\v{r}enek, Jan and Antichi, Gianni},
title = {Enabling Event-Triggered Data Plane Monitoring},
year = {2020},
booktitle = {ACM SOSR 2020},
}

@article{2014-CCR-P4,
  title={P4: Programming protocol-independent packet processors},
  author={Bosshart, Pat and Daly, Dan and Gibb, Glen and Izzard, Martin and McKeown, Nick and Rexford, Jennifer and Schlesinger, Cole and Talayco, Dan and Vahdat, Amin and Varghese, George and others},
  journal={ACM SIGCOMM CCR},
  volume={44},
  number={3},
  year={2014},
}

@inproceedings{2020-SOSR-WCMP,
author = {Hsu, Kuo-Feng and Tammana, Praveen and Beckett, Ryan and Chen, Ang and Rexford, Jennifer and Walker, David},
title = {Adaptive Weighted Traffic Splitting in Programmable Data Planes},
year = {2020},
booktitle = {Proceedings of the Symposium on SDN Research},
pages = {103–109},
numpages = {7},
location = {San Jose, CA, USA},
series = {SOSR '20}
}

@inproceedings{2023-SIGCOMM-ConWeave,
  title={{Network Load Balancing with In-network Reordering Support for RDMA}},
  author={Song, Cha Hwan and Khooi, Xin Zhe and Joshi, Raj and Choi, Inho and Li, Jialin and Chan, Mun Choon},
  booktitle={ACM SIGCOMM 2023},
  year={2023},
}

@inproceedings{pint,
  title={{PINT: Probabilistic in-band network telemetry}},
  author={Ben Basat, Ran and Ramanathan, Sivaramakrishnan and Li, Yuliang and Antichi, Gianni and Yu, Minian and Mitzenmacher, Michael},
  booktitle={ACM SIGCOMM 2021},
  year={2020}
}

@inproceedings{2021-SIGCOMM-RedPlane,
author = {Kim, Daehyeok and Nelson, Jacob and Ports, Dan R. K. and Sekar, Vyas and Seshan, Srinivasan},
title = {RedPlane: Enabling Fault-Tolerant Stateful in-Switch Applications},
year = {2021},
booktitle = {ACM SIGCOMM 2021},
}

@inproceedings{2019-SOSR-DPTP,
author = {Kannan, Pravein Govindan and Joshi, Raj and Chan, Mun Choon},
title = {Precise Time-Synchronization in the Data-Plane Using Programmable Switching ASICs},
year = {2019},
booktitle = {ACM SOSR 2019},
}

@inproceedings {2021-NSDI-SYNDB,
author = {Pravein Govindan Kannan and Nishant Budhdev and Raj Joshi and Mun Choon Chan},
title = {Debugging Transient Faults in Data Centers using Synchronized Network-wide Packet Histories},
booktitle = {USENIX NSDI 2021},
year = {2021},
month = apr,
}

@inproceedings {distcache2019,
author = {Zaoxing Liu and Zhihao Bai and Zhenming Liu and Xiaozhou Li and Changhoon Kim and Vladimir Braverman and Xin Jin and Ion Stoica},
title = {{DistCache}: Provable Load Balancing for {Large-Scale} Storage Systems with Distributed Caching},
booktitle = {17th USENIX Conference on File and Storage Technologies (FAST 19)},
year = {2019},
isbn = {978-1-939133-09-0},
address = {Boston, MA},
pages = {143--157},
url = {https://www.usenix.org/conference/fast19/presentation/liu},
publisher = {USENIX Association},
month = feb,
}

@inproceedings {switchkv2016,
author = {Xiaozhou Li and Raghav Sethi and Michael Kaminsky and David G. Andersen and Michael J. Freedman},
title = {Be Fast, Cheap and in Control with {SwitchKV}},
booktitle = {13th USENIX Symposium on Networked Systems Design and Implementation (NSDI 16)},
year = {2016},
isbn = {978-1-931971-29-4},
address = {Santa Clara, CA},
pages = {31--44},
url = {https://www.usenix.org/conference/nsdi16/technical-sessions/presentation/li-xiaozhou},
publisher = {USENIX Association},
month = mar,
}

@INPROCEEDINGS{sqr2019icnp,
  author={Qu, Ting and Joshi, Raj and Chan, Mun Choon and Leong, Ben and Guo, Deke and Liu, Zhong},
  booktitle={IEEE ICNP 2019}, 
  title={SQR: In-network Packet Loss Recovery from Link Failures for Highly Reliable Datacenter Networks}, 
  year={2019},
}

@article{singh2022hybrid,
  title={Hybrid P4 Programmable Pipelines for 5G gNodeB and User Plane Functions},
  author={Singh, Suneet Kumar and Rothenberg, Christian Esteve and Langlet, Jonatan and Kassler, Andreas and V{\"o}r{\"o}s, P{\'e}ter and Laki, S{\'a}ndor and Pongr{\'a}cz, Gergely},
  journal={IEEE Transactions on Mobile Computing},
  year={2022},
  publisher={IEEE}
}

@inproceedings{stubbe2023keeping,
  title={Keeping Up to Date With P4Runtime: An Analysis of Data Plane Updates on P4 Switches},
  author={Stubbe, Henning and Gallenm{\"u}ller, Sebastian and Simon, Manuel and Hauser, Eric and Scholz, Dominik and Carle, Georg},
  booktitle={IFIP Networking 2023},
  year={2023}
}

@misc{rfc5116,
    number =    5116,
    howpublished =  {RFC 5116},
    publisher = {RFC Editor},
    author =    {David McGrew},
    title =     {{An Interface and Algorithms for Authenticated Encryption}},
    pagetotal = 22,
    year =      2008,
    month =     jan,
}

@inproceedings{2023-SIGCOMM-NEOBFT,
author = {Sun, Guangda and Jiang, Mingliang and Khooi, Xin Zhe and Li, Yunfan and Li, Jialin},
title = {{NeoBFT: Accelerating Byzantine Fault Tolerance Using Authenticated In-Network Ordering}},
year = {2023},
booktitle = {ACM SIGCOMM 2023},
}

@inproceedings{2023-MOBICOM-XPlane,
author = {Liu, Yunzhuo and Nie, Hao and Cai, Hui and Jiang, Bo and Zhang, Pengyu and Liu, Yirui and Yao, Yidong and Wei, Xionglie and Lyu, Biao and Xu, Chenren and Zhu, Shunmin and Wang, Xinbing},
title = {{X-Plane: A High-Throughput Large-Capacity 5G UPF}},
year = {2023},
booktitle = {ACM MOBICOM 2023},
}

@inproceedings{2024-SECURITY-SmartCookie,
    author = {Sophia Yoo and Xiaoqi Chen and Jennifer Rexford},
    title = {{SmartCookie: Blocking Large-Scale SYN Floods with a Split-Proxy Defense on Programmable Data Planes}},
    booktitle = {USENIX Security 2024},
    year = 2024
}