@article{ict-energy,
  author = {Gelenbe, Erol},
  title = {Electricity Consumption by ICT: Facts, trends, and measurements},
  year = {2023},
  issue_date = {August 2023},
  publisher = {Association for Computing Machinery},
  address = {New York, NY, USA},
  volume = {2023},
  number = {August},
  url = {https://doi.org/10.1145/3613207},
  doi = {10.1145/3613207},
  journal = {Ubiquity},
  month = aug,
  articleno = {1},
numpages = {15}
}

@Eprint{ict1,
  author    = {Prabhu Kaliyammal Thiruvasagam and Chandrasekar T and Vinay Venkataram and Vivek Raja Ilangovan and Maneesha Perapalla and Rajisha Payyanur and Senthilnathan M D and Vishal Kumar and Kokila J},
  title     = {Open RAN: Evolution of Architecture, Deployment Aspects, and Future Directions},
  year      = {2023},
  archivePrefix = {arXiv},
  eprint    = {2301.06713},
}

@techreport{ict2,
  title = {Sustainability Challenges and Initiatives in Mobile Networks},
  author = {{Next Generation Mobile Networks (NGMN)}},
  institution = {NGMN Alliance},
  year = {2024},
  url = {https://www.ngmn.org/publications/sustainability-challenges-and-initiatives-in-mobile-networks.html},
}

@techreport{oran,
  title = {Overview of the O-RAN ALLIANCE},
  author = {{O-RAN ALLIANCE}},
  institution = {O-RAN ALLIANCE},
  year = {2024},
  url = {https://mediastorage.o-ran.org/white-papers/O-RAN.Overview-of-the-O-RAN-ALLIANCE-presentation.pdf},
}

@inproceedings{mimo-siso,
author = {Aboelwafa, Mariam and Zaki, Mohamed and Gaber, Ayman and Seddik, Karim and Gadallah, Yasser and Elezabi, Ayman},
title = {Machine Learning-Based MIMO Enabling Techniques for Energy Optimization in Cellular Networks},
year = {2020},
publisher = {IEEE Press},
url = {https://doi.org/10.1109/CCNC46108.2020.9045149},
doi = {10.1109/CCNC46108.2020.9045149},
booktitle = {2020 IEEE 17th Annual Consumer Communications \& Networking Conference (CCNC)},
pages = {1â€“6},
numpages = {6},
location = {Las Vegas, NV, USA}
}

@Article{rl,
  author={Wu, Qiong and Chen, Xu and Zhou, Zhi and Chen, Liang and Zhang, Junshan},
  journal={IEEE/ACM Transactions on Networking}, 
  title={Deep Reinforcement Learning With Spatio-Temporal Traffic Forecasting for Data-Driven Base Station Sleep Control}, 
  year={2021},
  volume={29},
  number={2},
  pages={935-948},
  doi={10.1109/TNET.2021.3053771}}

@Article{bbu,
  author = {Fu, Yongqin and Wang, Xianbin},
  journal = {IEEE Open Journal of the Communications Society},
  title = {Traffic Prediction-Enabled Energy-Efficient Dynamic Computing Resource Allocation in CRAN Based on Deep Learning},
  year = {2022},
  volume = {3},
  pages = {159-175},
  doi = {10.1109/OJCOMS.2022.3146886},
  url = {https://ieeexplore.ieee.org/document/9695980},
}

@Inproceedings{heuristics1,
  author={Liu, Yin-Hsin and Kung, Bo-Chen},
  booktitle={2023 24st Asia-Pacific Network Operations and Management Symposium (APNOMS)}, 
  title={Energy Saving in 5G Cellular Networks using Machine Learning Based Cell Sleep Strategy}, 
  year={2023},
  pages={154-159},
  }

@Article{heuristics2,
  author={Fourati, Hasna and Maaloul, Rihab and Fourati, Lamia and Jmaiel, Mohamed},
  journal={IEEE Systems Journal}, 
  title={An Efficient Energy-Saving Scheme Using Genetic Algorithm for 5G Heterogeneous Networks}, 
  year={2023},
  volume={17},
  number={1},
  pages={589-600},
  doi={10.1109/JSYST.2022.3166228}}

@article{svh,
author = {Leo Breiman},
title = {{Statistical Modeling: The Two Cultures (with comments and a rejoinder by the author)}},
volume = {16},
journal = {Statistical Science},
number = {3},
publisher = {Institute of Mathematical Statistics},
pages = {199 -- 231},
year = {2001},
doi = {10.1214/ss/1009213726},
URL = {https://doi.org/10.1214/ss/1009213726}
}  

@software{cloudrf,
  author = {CloudRF},
  title = {CloudRF},
  year = {2024},
  url = {https://www.cloudrf.com/}
}

@article{ns3,
  title={Network simulations with the ns-3 simulator},
  author={Henderson, Thomas R and Lacage, Mathieu and Riley, George F and Dowell, Craig and Kopena, Joseph},
  journal={SIGCOMM demonstration},
  volume={14},
  number={14},
  pages={527},
  year={2008}
}